%% Created using Papers on Tue, 24 May 2016.
%% http://papersapp.com/papers/

@article{Lessler:2009ub,
author = {Lessler, Justin and Reich, Nicholas G and Brookmeyer, Ron and Perl, Trish M and Nelson, Kenrad E and Cummings, Derek A T},
title = {{Incubation periods of acute respiratory viral infections: a systematic review.}},
journal = {The Lancet Infectious Diseases},
year = {2009},
volume = {9},
number = {5},
pages = {291--300},
month = may
}

@article{Rudolph:2014kf,
author = {Rudolph, Kara E and Lessler, Justin and Moloney, Rachael M and Kmush, Brittany and Cummings, Derek A T},
title = {{Incubation periods of mosquito-borne viral infections: a systematic review.}},
journal = {American Journal of Tropical Medicine and Hygiene},
year = {2014},
volume = {90},
number = {5},
pages = {882--891},
month = may
}

@article{Lee:2013fz,
author = {Lee, Rachel M and Lessler, Justin and Lee, Rose A and Rudolph, Kara E and Reich, Nicholas G and Perl, Trish M and Cummings, Derek A T},
title = {{Incubation periods of viral gastroenteritis: a systematic review.}},
journal = {BMC Infectious Diseases},
year = {2013},
volume = {13},
pages = {446}
}

@webpage{CentersforDiseaseControlandPrevention:VbDBWqNH,
author = {{Centers for Disease Control and Prevention}},
title = {{Cases of Ebola Diagnosed in the United States | Ebola Hemorrhagic Fever | CDC}},
url = {http://www.cdc.gov/vhf/ebola/outbreaks/2014-west-africa/united-states-imported-case.html}
}

@article{Yacisin:2015wm,
author = {Yacisin, Kari and Balter, Sharon and Fine, Annie and Weiss, Don and Ackelsberg, Joel and Prezant, David and Wilson, Ross and Starr, David and Rakeman, Jennifer and Raphael, Marisa and Quinn, Celia and Toprani, Amita and Clark, Nancy and Link, Nathan and Daskalakis, Demetre and Maybank, Aletha and Layton, Marcelle and Varma, Jay K and {Centers for Disease Control and Prevention (CDC)}},
title = {{Ebola virus disease in a humanitarian aid worker - New York City, October 2014.}},
journal = {MMWR. Morbidity and mortality weekly report},
year = {2015},
volume = {64},
number = {12},
pages = {321--323},
month = apr
}

@article{Chung:2015hb,
author = {Chung, Wendy M and Smith, Jessica C and Weil, Lauren M and Hughes, Sonya M and Joyner, Sibeso N and Hall, Emily M and Ritch, Julia and Srinath, Divya and Goodman, Edward and Chevalier, Michelle S and Epstein, Lauren and Hunter, Jennifer C and Kallen, Alexander J and Karwowski, Mateusz P and Kuhar, David T and Smith, Charnetta and Petersen, Lyle R and Mahon, Barbara E and Lakey, David L and Schrag, Stephanie J},
title = {{Active Tracing and Monitoring of Contacts Associated With the First Cluster of Ebola in the United States.}},
journal = {Annals of internal medicine},
year = {2015},
volume = {163},
number = {3},
pages = {164--173},
month = aug
}

@article{Cardile:2015wa,
author = {Cardile, Anthony P and Murray, Clinton K and Littell, Christopher T and Shah, Neel J and Fandre, Matthew N and Drinkwater, Dennis C and Markelz, Brian P and Vento, Todd J},
title = {{Monitoring Exposure to Ebola and Health of U.S. Military Personnel Deployed in Support of Ebola Control Efforts - Liberia, October 25, 2014-February 27, 2015.}},
journal = {MMWR. Morbidity and mortality weekly report},
year = {2015},
volume = {64},
number = {25},
pages = {690--694},
month = jul
}

@article{StehlingAriza:2015vd,
author = {Stehling-Ariza, Tasha and Fisher, Emily and Vagi, Sara and Fechter-Leggett, Ethan and Prudent, Natasha and Dott, Mary and Daley, Randolph and Avchen, Rachel Nonkin},
title = {{Monitoring of Persons with Risk for Exposure to Ebola Virus Disease - United States, November 3, 2014-March 8, 2015.}},
journal = {MMWR. Morbidity and mortality weekly report},
year = {2015},
volume = {64},
number = {25},
pages = {685--689},
month = jul
}

@article{Koonin:2015um,
author = {Koonin, Lisa M and Jamieson, Denise J and Jernigan, John A. and Van Beneden, Chris A and Kosmos, Christine and Harvey, Melissa Cole and Pietz, Harald and Bertolli, Jeanne and Perz, Joseph F and Whitney, Cynthia G and Halpin, Alison Sheehan-Laufer and Daley, W Randolph and Pesik, Nicki and Margolis, Gregg S and Tumpey, Abbigail and Tappero, Jordan and Damon, Inger and {Centers for Disease Control and Prevention (CDC)}},
title = {{Systems for rapidly detecting and treating persons with ebola virus disease--United States.}},
journal = {MMWR. Morbidity and mortality weekly report},
year = {2015},
volume = {64},
number = {8},
pages = {222--225},
month = mar
}

@article{Rubsamen:2015dm,
author = {R{\"u}bsamen, Nicole and Castell, Stefanie and Horn, Johannes and Karch, Andr{\'e} and Ott, J{\"o}rdis J and Raupach-Rosin, Heike and Zoch, Beate and Krause, G{\'e}rard and Mikolajczyk, Rafael T},
title = {{Ebola risk perception in Germany, 2014.}},
journal = {Emerging Infectious Diseases},
year = {2015},
volume = {21},
number = {6},
pages = {1012--1018},
month = jun
}

@article{HodgeJr:2015tq,
author = {Hodge, Jr, J G},
title = {{Legal Myths of Ebola Preparedness and Response}},
journal = {ND JL Ethics {\&} Pub Pol'y},
year = {2015}
}

@article{Reich:2009jq,
author = {Reich, Nicholas G and Lessler, Justin and Cummings, Derek A T and Brookmeyer, Ron},
title = {{Estimating incubation period distributions with coarse data}},
journal = {Statistics in medicine},
year = {2009},
volume = {28},
number = {22},
pages = {2769--2784},
month = sep
}

@manual{rcoreteam,
title = {{R: A Language and Environment for Statistical Computing}},
author = {{{R Core Team}}},
organization = {R Foundation for Statistical Computing},
address = {Vienna, Austria},
year = {2015},
annote = {ISBN 3-900051-07-0}
}

@book{Fenner:1988ux,
author = {Fenner, F and Henderson, D A and Arita, I and Jezek, Z and Ladnyi, I D},
title = {{Smallpox and its Eradication}},
publisher = {World Health Organization},
year = {1988}
}

@article{Faherty:2015gw,
author = {Faherty, Laura Johnson and Doubeni, Chyke A},
title = {{Unintended Consequences of Screening for Ebola.}},
journal = {American Journal of Public Health},
year = {2015},
volume = {105},
number = {9},
pages = {1738--1739},
month = sep
}

@article{Boggild:2015hi,
author = {Boggild, Andrea K and Esposito, Douglas H and Kozarsky, Phyllis E and Ansdell, Vernon and Beeching, Nicholas J and Campion, Daniel and Castelli, Francesco and Caumes, Eric and Chappuis, Francois and Cramer, Jakob P and Gkrania-Klotsas, Effrossyni and Grobusch, Martin P and Hagmann, Stefan H F and Hynes, Noreen A and Lim, Poh Lian and L{\'o}pez-V{\'e}lez, Rogelio and Malvy, Denis J M and Mendelson, Marc and Parola, Philippe and Sotir, Mark J and Wu, Henry M and Hamer, Davidson H},
title = {{Differential diagnosis of illness in travelers arriving from Sierra Leone, Liberia, or Guinea: a cross-sectional study from the GeoSentinel Surveillance Network.}},
journal = {Annals of internal medicine},
year = {2015},
volume = {162},
number = {11},
pages = {757--764},
month = jun
}

@article{Cowling:2015vb,
author = {Cowling, B J and Park, M and Fang, V J and Wu, P and Leung, G M and Wu, J T},
title = {{Preliminary epidemiological assessment of MERS-CoV outbreak in South Korea, May to June 2015.}},
journal = {Euro surveillance : bulletin Europeen sur les maladies transmissibles = European communicable disease bulletin},
year = {2015},
volume = {20},
number = {25},
pages = {7--13}
}

@article{Benowitz:2014vy,
author = {Benowitz, Isaac and Ackelsberg, Joel and Balter, Sharon E and Baumgartner, Jennifer C and Dentinger, Catherine and Fine, Anne D and Harper, Scott A and Jones, Lucretia E and Laraque, Fabienne and Lee, Ellen H and Merizalde, Giselle and Yacisin, Kari A and Varma, Jay K and Layton, Marcelle C},
title = {{Surveillance and preparedness for Ebola virus disease -- New York City, 2014.}},
journal = {MMWR. Morbidity and mortality weekly report},
year = {2014},
volume = {63},
number = {41},
pages = {934--936},
month = oct
}

@article{Parham:2015wf,
author = {Parham, Mary and Edison, Laura and Soetebier, Karl and Feldpausch, Amanda and Kunkes, Audrey and Smith, Wendy and Guffey, Taylor and Fetherolf, Romana and Sanlis, Kathryn and Gabel, Julie and Cowell, Alex and Drenzek, Cherie and {Centers for Disease Control and Prevention (CDC)}},
title = {{Ebola active monitoring system for travelers returning from West Africa---Georgia, 2014-2015.}},
journal = {MMWR. Morbidity and mortality weekly report},
year = {2015},
volume = {64},
number = {13},
pages = {347--350},
month = apr
}

@article{Faye:2015jc,
author = {Faye, Ousmane and Bo{\"e}lle, Pierre-Yves and Heleze, Emmanuel and Faye, Oumar and Loucoubar, Cheikh and Magassouba, N'Faly and Soropogui, Barr{\'e} and Keita, Sakoba and Gakou, Tata and Bah, El Hadji Ibrahima and Koivogui, Lamine and Sall, Amadou Alpha and Cauchemez, Simon},
title = {{Chains of transmission and control of Ebola virus disease in Conakry, Guinea, in 2014: an observational study.}},
journal = {The Lancet Infectious Diseases},
year = {2015},
volume = {15},
number = {3},
pages = {320--326},
month = mar
}

@incollection{Brookmeyer:2005bc,
author = {Brookmeyer, Ron},
title = {{Incubation Period of Infectious Diseases}},
booktitle = {Encyclopedia of Biostatistics},
year = {2005},
publisher = {John Wiley {\&} Sons, Ltd},
address = {Chichester, UK},
month = jul
}

@article{Nishiura:2009dh,
author = {Nishiura, Hiroshi},
title = {{Determination of the appropriate quarantine period following smallpox exposure: an objective approach using the incubation period distribution.}},
journal = {International journal of hygiene and environmental health},
year = {2009},
volume = {212},
number = {1},
pages = {97--104},
month = jan
}

@article{Velasquez:2015gv,
author = {Vel{\'a}squez, Gustavo E and Aibana, Omowunmi and Ling, Emilia J and Diakite, Ibrahim and Mooring, Eric Q and Murray, Megan B},
title = {{Time From Infection to Disease and Infectiousness for Ebola Virus Disease, a Systematic Review.}},
journal = {Clinical infectious diseases : an official publication of the Infectious Diseases Society of America},
year = {2015},
volume = {61},
number = {7},
pages = {1135--1140},
month = oct
}

@webpage{CentersforDiseaseControlandPrevention:lyxYF_Hp,
author = {{Centers for Disease Control and Prevention}},
title = {{interim u.s. guidance for monitoring and movement of persons with potential ebola virus exposure}},
url = {http://www.cdc.gov/vhf/ebola/exposure/monitoring-and-movement-of-persons-with-exposure.html}
}

@article{Virlogeux:2016ty,
author = {Virlogeux, Victor and Park, Minah and Wu, Joseph T and Cowling, Benjamin J},
title = {{Association between Severity of MERS-CoV Infection and Incubation Period}},
journal = {Emerging Infectious Diseases},
year = {2016},
volume = {22},
number = {3}
}

@article{Virlogeux:dv,
author = {Virlogeux, Victor and Park, Minah and Wu, Joseph Tsz Kei and Cowling, Benjamin J},
title = {{Data from: Association between severity of MERS-CoV infection and incubation period}},
journal = {datadryad.org},
year = {2015},
month = dec
}

@article{Nishiura:2007jh,
author = {Nishiura, H and Eichner, M},
title = {{Infectiousness of smallpox relative to disease age: estimates based on transmission network and incubation period.}},
journal = {Epidemiology and infection},
year = {2007},
volume = {135},
number = {7},
pages = {1145--1150},
month = oct
}

@article{Litvinjenko:1972vp,
author = {Litvinjenko, S and Arsic, B and Borjanovic, S},
title = {{Epidemiologic Aspects of Smallpox in Yugoslavia in 1972}},
journal = {Bulletin of the World Health Organization},
year = {1972},
month = nov
}

@article{Mack:1972jc,
author = {Mack, T M},
title = {{Smallpox in Europe, 1950-1971}},
journal = {Journal of Infectious Diseases},
year = {1972},
volume = {125},
number = {2},
pages = {161--169},
month = feb
}

@article{Gelman:1992ts,
author = {Gelman, A and Rubin, D B},
title = {{Inference from Iterative Simulation Using Multiple Sequences}},
journal = {Statistical Science},
year = {1992},
volume = {7},
number = {4},
pages = {457--472}
}

@article{Fraser:2004ci,
author = {Fraser, Christophe and Riley, Steven and Anderson, Roy M and Ferguson, Neil M},
title = {{Factors that make an infectious disease outbreak controllable.}},
journal = {Proceedings of the National Academy of Sciences of the United States of America},
year = {2004},
volume = {101},
number = {16},
pages = {6146--6151},
month = apr
}

@article{Althaus:2014cw,
author = {Althaus, Christian L},
title = {{Estimating the Reproduction Number of Ebola Virus (EBOV) During the 2014 Outbreak in West Africa.}},
journal = {PLoS currents},
year = {2014},
volume = {6}
}

@article{Ezeoke:2016jv,
author = {Ezeoke, Ifeoma and Saffa, Alhaji and Guthartz, Seth and Tate, Anna and Varma, Jay K and Vora, Neil M},
title = {{Health Precautions Taken by Travelers to Countries with Ebola Virus Disease.}},
journal = {Emerging Infectious Diseases},
year = {2016},
volume = {22},
number = {5},
pages = {929--931},
month = may
}

@article{Chowell:2004gh,
author = {Chowell, G and Hengartner, N W and Castillo-Chavez, C and Fenimore, P W and Hyman, J M},
title = {{The basic reproductive number of Ebola and the effects of public health measures: the cases of Congo and Uganda.}},
journal = {Journal of Theoretical Biology},
year = {2004},
volume = {229},
number = {1},
pages = {119--126},
month = jul
}

@article{Biddinger:2015bx,
author = {Biddinger, Paul D and Hooper, David C and Shenoy, Erica S and Bajwa, Ednan K and Robbins, Gregory K and Branda, John A},
title = {{CASE RECORDS of the MASSACHUSETTS GENERAL HOSPITAL. Case 28-2015. A 32-Year-Old Man with Fever, Headache, and Myalgias after Traveling from Liberia.}},
journal = {The New England journal of medicine},
year = {2015},
volume = {373},
number = {11},
pages = {1060--1067},
month = sep
}

@manual{Duong:2015wn,
title = {{ks: Kernel Smoothing}},
author = {Duong, Tarn},
edition = {R package version 1.10.0},
year = {2015}
}

@article{Hladky:2014uo,
author = {Hladky, Gregory B},
title = {{Connecticut Hospitals Have Spent $5 Million to Prepare for Ebola - Hartford Courant}},
journal = {Hartford Courant},
year = {2014},
month = dec
}

@article{Cai:2006dm,
author = {Cai, Quan-Cai and Xu, Qin-Feng and Xu, Jian-Ming and Guo, Qiang and Cheng, Xiang and Zhao, Gen-Ming and Sun, Qing-Wen and Lu, Jian and Jiang, Qing-Wu},
title = {{Refined estimate of the incubation period of severe acute respiratory syndrome and related influencing factors.}},
journal = {American journal of epidemiology},
year = {2006},
volume = {163},
number = {3},
pages = {211--216},
month = feb
}

@webpage{WorldHealthOrganization:QuWKXo2f,
author = {{World Health Organization}},
title = {{Consensus document on the epidemiology of severe acute respiratory syndrome (SARS)}},
year = {2003},
month = may,
url = {http://aje.oxfordjournals.org.silk.library.umass.edu/content/163/3/211.full.pdf+html}
}

@article{Duong:2005fk,
author = {Duong, Tarn and Hazelton, M L},
title = {{Cross-validation Bandwidth Matrices for Multivariate Kernel Density Estimation}},
journal = {Scandinavian Journal of Statistics},
year = {2005},
volume = {32},
number = {3},
pages = {485--506},
month = sep
}

@webpage{Firger:2014vj,
author = {Firger, Jessica},
title = {{​Ebola in the U.S.: Who pays the bills?}},
year = {2014},
month = oct,
url = {http://www.cbsnews.com/news/ebola-in-the-us-who-pays-the-bills/}
}

@webpage{CentersforDiseaseControlandPrevention:05mwbTkQ,
author = {{Centers for Disease Control and Prevention}},
title = {{2014 Ebola Outbreak in West Africa - Case Counts | Ebola Hemorrhagic Fever | CDC}},
url = {http://www.cdc.gov/vhf/ebola/outbreaks/2014-west-africa/case-counts.html}
}

@webpage{Fink:2015ui,
author = {Fink, Sheri},
title = {{Ebola Crisis Passes, but Questions on Quarantines Persist}},
year = {2015},
month = dec,
url = {http://www.nytimes.com/2015/12/03/health/ebola-crisis-passes-but-questions-on-quarantines-persist.html}
}

@article{Drazen:2014iz,
author = {Drazen, Jeffrey M and Kanapathipillai, Rupa and Campion, Edward W and Rubin, Eric J and Hammer, Scott M and Morrissey, Stephen and Baden, Lindsey R},
title = {{Ebola and quarantine.}},
journal = {The New England journal of medicine},
year = {2014},
volume = {371},
number = {21},
pages = {2029--2030},
month = nov
}

@webpage{CentersforDiseaseControlandPrevention:EQU9LnIa,
author = {{Centers for Disease Control and Prevention}},
title = {{2014 Ebola Outbreak in West Africa - Reported Cases Graphs | Ebola Hemorrhagic Fever | CDC}},
url = {http://www.cdc.gov/vhf/ebola/outbreaks/2014-west-africa/cumulative-cases-graphs.html}
}

@webpage{CentersforDiseaseControlandPrevention:2015tc,
author = {{Centers for Disease Control and Prevention}},
title = {{Epidemiologic Risk Factors to Consider when Evaluating a Person for Exposure to Ebola Virus}},
year = {2015},
month = may,
url = {http://www.cdc.gov/vhf/ebola/exposure/risk-factors-when-evaluating-person-for-exposure.html}
}

@article{Brookmeyer:2001gx,
author = {Brookmeyer, R. and Blades, N and Hugh-Jones, M and Henderson, D A},
title = {{The statistical analysis of truncated data: application to the Sverdlovsk anthrax outbreak.}},
journal = {Biostatistics},
year = {2001},
volume = {2},
number = {2},
pages = {233--247},
month = jun
}

@article{Millman:2016cz,
author = {Millman, Alexander J and Chamany, Shadi and Guthartz, Seth and Thihalolipavan, Sayone and Porter, Michael and Schroeder, Andrew and Vora, Neil M and Varma, Jay K and Starr, David and {MIA}},
title = {{Active Monitoring of Travelers Arriving from Ebola-Affected Countries - New York City, October 2014-April 2015.}},
journal = {MMWR. Morbidity and mortality weekly report},
year = {2016},
volume = {65},
number = {3},
pages = {51--54}
}

@article{Chevalier:2014uk,
author = {Chevalier, Michelle S and Chung, Wendy and Smith, Jessica and Weil, Lauren M and Hughes, Sonya M and Joyner, Sibeso N and Hall, Emily and Srinath, Divya and Ritch, Julia and Thathiah, Prea and Threadgill, Heidi and Cervantes, Diana and Lakey, David L and {Centers for Disease Control and Prevention (CDC)}},
title = {{Ebola virus disease cluster in the United States--Dallas County, Texas, 2014.}},
journal = {MMWR. Morbidity and mortality weekly report},
year = {2014},
volume = {63},
number = {46},
pages = {1087--1088},
month = nov
}

@article{Nishiura:2011dc,
author = {Nishiura, H and Inaba, H},
title = {{Estimation of the incubation period of influenza A (H1N1-2009) among imported cases: addressing censoring using outbreak data at the origin of importation.}},
journal = {Journal of Theoretical Biology},
year = {2011},
volume = {272},
number = {1},
pages = {123--130},
month = mar
}

